<record><leader>00000cas a22000007a 4500</leader><controlfield tag="001">24664072</controlfield><controlfield tag="008">911101d18941899ohuwr ne      0    0eng d</controlfield><datafield ind1=" " ind2=" " tag="010"><subfield code="a">sn 91069838 </subfield></datafield><datafield ind1=" " ind2=" " tag="040"><subfield code="a">ONP</subfield><subfield code="b">eng</subfield><subfield code="c">ONP</subfield><subfield code="d">OCLCQ</subfield></datafield><datafield ind1=" " ind2=" " tag="042"><subfield code="a">msc</subfield></datafield><datafield ind1="0" ind2="4" tag="245"><subfield code="a">The Minerva kodak.</subfield></datafield><datafield ind1=" " ind2=" " tag="260"><subfield code="a">Minerva, Ohio :</subfield><subfield code="b">N.J. Randall,</subfield><subfield code="c">-1899.</subfield></datafield><datafield ind1=" " ind2=" " tag="300"><subfield code="a">v.</subfield></datafield><datafield ind1=" " ind2=" " tag="310"><subfield code="a">Weekly</subfield></datafield><datafield ind1="1" ind2=" " tag="362"><subfield code="a">Began in Jan. 1890.</subfield></datafield><datafield ind1="0" ind2=" " tag="362"><subfield code="a">-v. 7, no. 18 (May 6, 1899).</subfield></datafield><datafield ind1=" " ind2=" " tag="588"><subfield code="a">Description based on: Vol. 2, no. 14 (Mar. 31, 1894).</subfield></datafield><datafield ind1=" " ind2=" " tag="752"><subfield code="a">United States</subfield><subfield code="b">Ohio</subfield><subfield code="c">Stark</subfield><subfield code="d">Minerva.</subfield></datafield><datafield ind1="0" ind2="7" tag="785"><subfield code="t">Minerva news (Minerva, Ohio : 1884)</subfield><subfield code="w">(DLC)sn 91069859</subfield></datafield><datafield ind1="0" ind2="7" tag="785"><subfield code="t">News kodak</subfield><subfield code="w">(DLC)sn 88078280</subfield></datafield></record>